<?xml version="1.0" encoding="UTF-8"?><collection xmlns="http://www.loc.gov/MARC21/slim"><record><leader>00467nam--2200169-i-4500</leader><controlfield tag="001">000041340</controlfield><controlfield tag="002">20161230</controlfield><controlfield tag="005">20161230201043</controlfield><controlfield tag="008">060222s1000------------r-----000-0-eng-d</controlfield><datafield ind1=" " ind2=" " tag="040"><subfield code="a">IFIN-HH</subfield></datafield><datafield ind1=" " ind2=" " tag="080"><subfield code="a">532.5</subfield></datafield><datafield ind1="1" ind2=" " tag="100"><subfield code="a">Shapiro,Ascher H</subfield></datafield><datafield ind1="1" ind2="0" tag="245"><subfield code="a">The dynamics and thermodynamics of compresible fluid flow</subfield><subfield code="c">Ascher h. shapiro</subfield></datafield><datafield ind1=" " ind2=" " tag="260"><subfield code="a">New York, The Ronald Press Co.,1953</subfield></datafield><datafield ind1=" " ind2=" " tag="300"><subfield code="a">XIII + 647 P</subfield></datafield><datafield ind1=" " ind2=" " tag="852"><subfield code="a">25971</subfield><subfield code="c">532</subfield></datafield><datafield ind1=" " ind2=" " tag="CAT"><subfield code="a">Sys</subfield><subfield code="c">20100714</subfield><subfield code="h">093749</subfield></datafield></record></collection>